/Users/cristobal/Documents/latex/macros/input.bib