@ARTICLE{amorisco16,
   author = {{Amorisco}, N.~C. and {Loeb}, A.},
    title = "{Ultradiffuse galaxies: the high-spin tail of the abundant dwarf 
galaxy population}",
  journal = {\mnras},
archivePrefix = "arXiv",
   eprint = {1603.00463},
 keywords = {galaxies: dwarf, galaxies: formation, galaxies: haloes, galaxies: 
structure},
     year = 2016,
    month = jun,
   volume = 459,
    pages = {L51-L55},
      doi = {10.1093/mnrasl/slw055},
   adsurl = {http://adsabs.harvard.edu/abs/2016MNRAS.459L..51A},
  adsnote = {Provided by the SAO/NASA Astrophysics Data System}
}

@ARTICLE{beasley16_virgo,
   author = {{Beasley}, M.~A. and {Romanowsky}, A.~J. and {Pota}, V. and 
    {Navarro}, I.~M. and {Martinez Delgado}, D. and {Neyer}, F. and 
    {Deich}, A.~L.},
    title = "{An Overmassive Dark Halo around an Ultra-diffuse Galaxy in the Virgo 
Cluster}",
  journal = {\apjl},
archivePrefix = "arXiv",
   eprint = {1602.04002},
 keywords = {galaxies: clusters: individual: Virgo, galaxies: dwarf, galaxies: 
evolution, galaxies: star clusters: general},
     year = 2016,
    month = mar,
   volume = 819,
      eid = {L20},
    pages = {L20},
      doi = {10.3847/2041-8205/819/2/L20},
   adsurl = {http://adsabs.harvard.edu/abs/2016ApJ...819L..20B},
  adsnote = {Provided by the SAO/NASA Astrophysics Data System}
}

@ARTICLE{beasley16_acs,
   author = {{Beasley}, M.~A. and {Trujillo}, I.},
    title = "{Globular clusters indicate ultra diffuse galaxies are dwarfs}",
  journal = {ArXiv e-prints},
archivePrefix = "arXiv",
   eprint = {1604.08024},
 keywords = {Astrophysics - Astrophysics of Galaxies},
     year = 2016,
    month = apr,
   adsurl = {http://adsabs.harvard.edu/abs/2016arXiv160408024B},
  adsnote = {Provided by the SAO/NASA Astrophysics Data System}
}

@ARTICLE{dicintio17,
   author = {{Di Cintio}, A. and {Brook}, C.~B. and {Dutton}, A.~A. and 
{Macci{\`o}}, A.~V. and 
    {Obreja}, A. and {Dekel}, A.},
    title = "{NIHAO - XI. Formation of ultra-diffuse galaxies by outflows}",
  journal = {\mnras},
archivePrefix = "arXiv",
   eprint = {1608.01327},
     year = 2017,
    month = mar,
   volume = 466,
    pages = {L1-L6},
      doi = {10.1093/mnrasl/slw210},
   adsurl = {http://adsabs.harvard.edu/abs/2017MNRAS.466L...1D},
  adsnote = {Provided by the SAO/NASA Astrophysics Data System}
}

@ARTICLE{dutton14,
   author = {{Dutton}, A.~A. and {Macci{\`o}}, A.~V.},
    title = "{Cold dark matter haloes in the Planck era: evolution of structural 
parameters for Einasto and NFW profiles}",
  journal = {\mnras},
archivePrefix = "arXiv",
   eprint = {1402.7073},
 keywords = {methods: numerical, galaxies: haloes, cosmology: theory, dark 
matter},
     year = 2014,
    month = jul,
   volume = 441,
    pages = {3359-3374},
      doi = {10.1093/mnras/stu742},
   adsurl = {http://adsabs.harvard.edu/abs/2014MNRAS.441.3359D},
  adsnote = {Provided by the SAO/NASA Astrophysics Data System}
}

@ARTICLE{hoekstra98,
   author = {{Hoekstra}, H. and {Franx}, M. and {Kuijken}, K. and {Squires}, G.
    },
    title = "{Weak Lensing Analysis of CL 1358+62 Using Hubble Space Telescope 
Observations}",
  journal = {\apj},
 keywords = {GALAXIES: CLUSTERS: INDIVIDUAL ALPHANUMERIC: CL 1358+62, GALAXIES: FUNDAMENTAL 
PARAMETERS, COSMOLOGY: GRAVITATIONAL LENSING, galaxies: clusters: individual (Cl 1358 + 62), 
Galaxies: Fundamental Parameters, Cosmology: Gravitational Lensing},
     year = 1998,
    month = sep,
   volume = 504,
    pages = {636-660},
      doi = {10.1086/306102},
   adsurl = {http://adsabs.harvard.edu/abs/1998ApJ...504..636H},
  adsnote = {Provided by the SAO/NASA Astrophysics Data System}
}

@ARTICLE{hoekstra15,
   author = {{Hoekstra}, H. and {Herbonnet}, R. and {Muzzin}, A. and {Babul}, A. and 
    {Mahdavi}, A. and {Viola}, M. and {Cacciato}, M.},
    title = "{The Canadian Cluster Comparison Project: detailed study of systematics and 
updated weak lensing masses}",
  journal = {\mnras},
archivePrefix = "arXiv",
   eprint = {1502.01883},
 keywords = {cosmology: observations, dark matter},
     year = 2015,
    month = may,
   volume = 449,
    pages = {685-714},
      doi = {10.1093/mnras/stv275},
   adsurl = {http://adsabs.harvard.edu/abs/2015MNRAS.449..685H},
  adsnote = {Provided by the SAO/NASA Astrophysics Data System}
}

@ARTICLE{kaiser95,
   author = {{Kaiser}, N. and {Squires}, G. and {Broadhurst}, T.},
    title = "{A Method for Weak Lensing Observations}",
  journal = {\apj},
   eprint = {astro-ph/9411005},
 keywords = {COSMOLOGY: OBSERVATIONS, COSMOLOGY: DARK MATTER, GALAXIES: FORMATION, 
COSMOLOGY: GRAVITATIONAL LENSING, COSMOLOGY: LARGE-SCALE STRUCTURE OF UNIVERSE},
     year = 1995,
    month = aug,
   volume = 449,
    pages = {460},
      doi = {10.1086/176071},
   adsurl = {http://adsabs.harvard.edu/abs/1995ApJ...449..460K},
  adsnote = {Provided by the SAO/NASA Astrophysics Data System}
}

@ARTICLE{koda15,
   author = {{Koda}, J. and {Yagi}, M. and {Yamanoi}, H. and {Komiyama}, Y.
    },
    title = "{Approximately a Thousand Ultra-diffuse Galaxies in the Coma 
Cluster}",
  journal = {\apjl},
archivePrefix = "arXiv",
   eprint = {1506.01712},
 keywords = {galaxies: clusters: individual: Coma, galaxies: evolution, galaxies: 
structure},
     year = 2015,
    month = jul,
   volume = 807,
      eid = {L2},
    pages = {L2},
      doi = {10.1088/2041-8205/807/1/L2},
   adsurl = {http://adsabs.harvard.edu/abs/2015ApJ...807L...2K},
  adsnote = {Provided by the SAO/NASA Astrophysics Data System}
}

@ARTICLE{luppino97,
   author = {{Luppino}, G.~A. and {Kaiser}, N.},
    title = "{Detection of Weak Lensing by a Cluster of Galaxies at z = 0.83}",
  journal = {\apj},
   eprint = {astro-ph/9601194},
 keywords = {Galaxies: Clusters: Individual: Alphanumeric: MS 1054-03, Galaxies: Distances 
and Redshifts, Galaxies: Photometry, Cosmology: Gravitational Lensing},
     year = 1997,
    month = jan,
   volume = 475,
    pages = {20-28},
   adsurl = {http://adsabs.harvard.edu/abs/1997ApJ...475...20L},
  adsnote = {Provided by the SAO/NASA Astrophysics Data System}
}

@ARTICLE{maccio08,
   author = {{Macci{\`o}}, A.~V. and {Dutton}, A.~A. and {van den Bosch}, F.~C.
    },
    title = "{Concentration, spin and shape of dark matter haloes as a function of 
the cosmological model: WMAP1, WMAP3 and WMAP5 results}",
  journal = {\mnras},
archivePrefix = "arXiv",
   eprint = {0805.1926},
 keywords = {gravitation , methods: N-body simulation , methods: numerical , 
galaxies: haloes , cosmology: theory , dark matter},
     year = 2008,
    month = dec,
   volume = 391,
    pages = {1940-1954},
      doi = {10.1111/j.1365-2966.2008.14029.x},
   adsurl = {http://adsabs.harvard.edu/abs/2008MNRAS.391.1940M},
  adsnote = {Provided by the SAO/NASA Astrophysics Data System}
}

@ARTICLE{mihos15,
   author = {{Mihos}, J.~C. and {Durrell}, P.~R. and {Ferrarese}, L. and 
    {Feldmeier}, J.~J. and {C{\^o}t{\'e}}, P. and {Peng}, E.~W. and 
    {Harding}, P. and {Liu}, C. and {Gwyn}, S. and {Cuillandre}, J.-C.
    },
    title = "{Galaxies at the Extremes: Ultra-diffuse Galaxies in the Virgo 
Cluster}",
  journal = {\apjl},
archivePrefix = "arXiv",
   eprint = {1507.02270},
 keywords = {galaxies: clusters: individual: Virgo, galaxies: evolution, galaxies: 
fundamental parameters, galaxies: structure},
     year = 2015,
    month = aug,
   volume = 809,
      eid = {L21},
    pages = {L21},
      doi = {10.1088/2041-8205/809/2/L21},
   adsurl = {http://adsabs.harvard.edu/abs/2015ApJ...809L..21M},
  adsnote = {Provided by the SAO/NASA Astrophysics Data System}
}

@ARTICLE{moline16,
   author = {{Molin{\'e}}, {\'A}. and {S{\'a}nchez-Conde}, M.~A. and {Palomares-Ruiz}, S. 
and 
    {Prada}, F.},
    title = "{Characterization of subhalo structural properties and implications for dark 
matter annihilation signals}",
  journal = {ArXiv e-prints},
archivePrefix = "arXiv",
   eprint = {1603.04057},
 keywords = {Astrophysics - Cosmology and Nongalactic Astrophysics},
     year = 2016,
    month = mar,
   adsurl = {http://adsabs.harvard.edu/abs/2016arXiv160304057M},
  adsnote = {Provided by the SAO/NASA Astrophysics Data System}
}

@ARTICLE{munoz15,
   author = {{Mu{\~n}oz}, R.~P. and {Eigenthaler}, P. and {Puzia}, T.~H. and 
    {Taylor}, M.~A. and {Ordenes-Brice{\~n}o}, Y. and {Alamo-Mart{\'{\i}}nez}, K. 
and 
    {Ribbeck}, K.~X. and {{\'A}ngel}, S. and {Capaccioli}, M. and 
    {C{\^o}t{\'e}}, P. and {Ferrarese}, L. and {Galaz}, G. and {Hempel}, M. and 
    {Hilker}, M. and {Jord{\'a}n}, A. and {Lan{\c c}on}, A. and 
    {Mieske}, S. and {Paolillo}, M. and {Richtler}, T. and {S{\'a}nchez-Janssen}, 
R. and 
    {Zhang}, H.},
    title = "{Unveiling a Rich System of Faint Dwarf Galaxies in the Next 
Generation Fornax Survey}",
  journal = {\apjl},
archivePrefix = "arXiv",
   eprint = {1510.02475},
 keywords = {galaxies: clusters: individual: Fornax, galaxies: dwarf, galaxies: 
elliptical and lenticular, cD},
     year = 2015,
    month = nov,
   volume = 813,
      eid = {L15},
    pages = {L15},
      doi = {10.1088/2041-8205/813/1/L15},
   adsurl = {http://adsabs.harvard.edu/abs/2015ApJ...813L..15M},
  adsnote = {Provided by the SAO/NASA Astrophysics Data System}
}

@ARTICLE{nfw95,
   author = {{Navarro}, J.~F. and {Frenk}, C.~S. and {White}, S.~D.~M.},
    title = "{Simulations of X-ray clusters}",
  journal = {\mnras},
   eprint = {astro-ph/9408069},
 keywords = {GALAXIES: CLUSTERS: GENERAL, COSMOLOGY: THEORY, DARK MATTER, X-RAYS: GENERAL},
     year = 1995,
    month = aug,
   volume = 275,
    pages = {720-740},
      doi = {10.1093/mnras/275.3.720},
   adsurl = {http://adsabs.harvard.edu/abs/1995MNRAS.275..720N},
  adsnote = {Provided by the SAO/NASA Astrophysics Data System}
}

@ARTICLE{peng02,
   author = {{Peng}, C.~Y. and {Ho}, L.~C. and {Impey}, C.~D. and {Rix}, H.-W.
    },
    title = "{Detailed Structural Decomposition of Galaxy Images}",
  journal = {\aj},
   eprint = {astro-ph/0204182},
 keywords = {Galaxies: Bulges, Galaxies: Fundamental Parameters, Galaxies: Nuclei, Galaxies: 
Structure, Techniques: Image Processing, Techniques: Photometric},
     year = 2002,
    month = jul,
   volume = 124,
    pages = {266-293},
      doi = {10.1086/340952},
   adsurl = {http://adsabs.harvard.edu/abs/2002AJ....124..266P},
  adsnote = {Provided by the SAO/NASA Astrophysics Data System}
}

@ARTICLE{peng10,
   author = {{Peng}, C.~Y. and {Ho}, L.~C. and {Impey}, C.~D. and {Rix}, H.-W.
    },
    title = "{Detailed Decomposition of Galaxy Images. II. Beyond Axisymmetric Models}",
  journal = {\aj},
archivePrefix = "arXiv",
   eprint = {0912.0731},
 keywords = {galaxies: bulges, galaxies: fundamental parameters, galaxies: structure, 
techniques: image processing, techniques: photometric},
     year = 2010,
    month = jun,
   volume = 139,
    pages = {2097-2129},
      doi = {10.1088/0004-6256/139/6/2097},
   adsurl = {http://adsabs.harvard.edu/abs/2010AJ....139.2097P},
  adsnote = {Provided by the SAO/NASA Astrophysics Data System}
}

@ARTICLE{peng16,
   author = {{Peng}, E.~W. and {Lim}, S.},
    title = "{A Rich Globular Cluster System in Dragonfly 17: Are Ultra-diffuse 
Galaxies Pure Stellar Halos?}",
  journal = {\apjl},
archivePrefix = "arXiv",
   eprint = {1604.07496},
 keywords = {galaxies: evolution, galaxies: halos, galaxies: star clusters: 
general, galaxies: stellar content, globular clusters: general },
     year = 2016,
    month = may,
   volume = 822,
      eid = {L31},
    pages = {L31},
      doi = {10.3847/2041-8205/822/2/L31},
   adsurl = {http://adsabs.harvard.edu/abs/2016ApJ...822L..31P},
  adsnote = {Provided by the SAO/NASA Astrophysics Data System}
}

@ARTICLE{planck15xiii,
   author = {{Planck Collaboration}},
    title = "{Planck 2015 results. XIII. Cosmological parameters}",
  journal = {ArXiv e-prints},
archivePrefix = "arXiv",
   eprint = {1502.01589},
 keywords = {Astrophysics - Cosmology and Nongalactic Astrophysics},
     year = 2015,
    month = feb,
   adsurl = {http://adsabs.harvard.edu/abs/2015arXiv150201589P},
  adsnote = {Provided by the SAO/NASA Astrophysics Data System}
}

@ARTICLE{sand12,
   author = {{Sand}, D.~J. and {Graham}, M.~L. and {Bildfell}, C. and {Zaritsky}, D. and 
    {Pritchet}, C. and {Hoekstra}, H. and {Just}, D.~W. and {Herbert-Fort}, S. and 
    {Sivanandam}, S. and {Foley}, R.~J. and {Mahdavi}, A.},
    title = "{The Multi-Epoch nearby Cluster Survey: Type Ia Supernova Rate Measurement in z 
\~{} 0.1 Clusters and the Late-time Delay Time Distribution}",
  journal = {\apj},
archivePrefix = "arXiv",
   eprint = {1110.1632},
 keywords = {galaxies: clusters: general, supernovae: general},
     year = 2012,
    month = feb,
   volume = 746,
      eid = {163},
    pages = {163},
      doi = {10.1088/0004-637X/746/2/163},
   adsurl = {http://adsabs.harvard.edu/abs/2012ApJ...746..163S},
  adsnote = {Provided by the SAO/NASA Astrophysics Data System}
}

@ARTICLE{sifon15_kids,
   author = {{Sif{\'o}n}, C. and {Cacciato}, M. and {Hoekstra}, H. and {Brouwer}, M. and 
    {van Uitert}, E. and {Viola}, M. and {Baldry}, I. and {Brough}, S. and 
    {Brown}, M.~J.~I. and {Choi}, A. and {Driver}, S.~P. and {Erben}, T. and 
    {Grado}, A. and {Heymans}, C. and {Hildebrandt}, H. and {Joachimi}, B. and 
    {de Jong}, J.~T.~A. and {Kuijken}, K. and {McFarland}, J. and 
    {Miller}, L. and {Nakajima}, R. and {Napolitano}, N. and {Norberg}, P. and 
    {Robotham}, A.~S.~G. and {Schneider}, P. and {Kleijn}, G.~V.
    },
    title = "{The masses of satellites in GAMA galaxy groups from 100 square degrees of KiDS 
weak lensing data}",
  journal = {\mnras},
archivePrefix = "arXiv",
   eprint = {1507.00737},
 keywords = {gravitational lensing: weak, methods: observational, methods: statistical, 
galaxies: haloes, galaxies: statistics, dark matter},
     year = 2015,
    month = dec,
   volume = 454,
    pages = {3938-3951},
      doi = {10.1093/mnras/stv2051},
   adsurl = {http://adsabs.harvard.edu/abs/2015MNRAS.454.3938S},
  adsnote = {Provided by the SAO/NASA Astrophysics Data System}
}

@ARTICLE{sifon17,
   author = {{Sif{\'o}n}, C. and {Herbonnet}, R. and {Hoekstra}, H. and 
{Cacciato}, M. and {van der Burg}, R.~F.~J. and {Viola}, M. and {Sand}, D.~J. 
and {Graham}, M.~L.},
  journal = {in preparation},
     year = 2017
}

@ARTICLE{sifon15_cccp,
   author = {{Sif{\'o}n}, C. and {Hoekstra}, H. and {Cacciato}, M. and {Viola}, M. and 
    {K{\"o}hlinger}, F. and {van der Burg}, R.~F.~J. and {Sand}, D.~J. and 
    {Graham}, M.~L.},
    title = "{Constraints on the alignment of galaxies in galaxy clusters from \~{}14 000 
spectroscopic members}",
  journal = {\aap},
archivePrefix = "arXiv",
   eprint = {1406.5196},
 keywords = {galaxies: clusters: general, galaxies: interactions, gravitational, lensing: 
weak, cosmology: observations},
     year = 2015,
    month = mar,
   volume = 575,
      eid = {A48},
    pages = {A48},
      doi = {10.1051/0004-6361/201424435},
   adsurl = {http://adsabs.harvard.edu/abs/2015A%26A...575A..48S},
  adsnote = {Provided by the SAO/NASA Astrophysics Data System}
}

@ARTICLE{yagi16,
   author = {{Yagi}, M. and {Koda}, J. and {Komiyama}, Y. and {Yamanoi}, H.
    },
    title = "{Catalog of Ultra-diffuse Galaxies in the Coma Clusters from Subaru 
Imaging Data}",
  journal = {\apjs},
 keywords = {galaxies: clusters: individual: Abell 1656, galaxies: structure },
     year = 2016,
    month = jul,
   volume = 225,
      eid = {11},
    pages = {11},
      doi = {10.3847/0067-0049/225/1/11},
   adsurl = {http://adsabs.harvard.edu/abs/2016ApJS..225...11Y},
  adsnote = {Provided by the SAO/NASA Astrophysics Data System}
}

@ARTICLE{yang06,
   author = {{Yang}, X. and {Mo}, H.~J. and {van den Bosch}, F.~C. and {Jing}, Y.~P. and 
    {Weinmann}, S.~M. and {Meneghetti}, M.},
    title = "{Weak lensing by galaxies in groups and clusters - I. Theoretical 
expectations}",
  journal = {\mnras},
   eprint = {astro-ph/0607552},
 keywords = {gravitational lensing, methods: statistical, galaxies: haloes, dark matter, 
large-scale structure of Universe},
     year = 2006,
    month = dec,
   volume = 373,
    pages = {1159-1172},
      doi = {10.1111/j.1365-2966.2006.11091.x},
   adsurl = {http://adsabs.harvard.edu/abs/2006MNRAS.373.1159Y},
  adsnote = {Provided by the SAO/NASA Astrophysics Data System}
}

@ARTICLE{yozin15,
   author = {{Yozin}, C. and {Bekki}, K.},
    title = "{The quenching and survival of ultra diffuse galaxies in the Coma 
cluster}",
  journal = {\mnras},
archivePrefix = "arXiv",
   eprint = {1507.05161},
 keywords = {galaxies: dwarf, galaxies: interactions, Magellanic Clouds},
     year = 2015,
    month = sep,
   volume = 452,
    pages = {937-943},
      doi = {10.1093/mnras/stv1073},
   adsurl = {http://adsabs.harvard.edu/abs/2015MNRAS.452..937Y},
  adsnote = {Provided by the SAO/NASA Astrophysics Data System}
}

@ARTICLE{vdburg15,
   author = {{van der Burg}, R.~F.~J. and {Hoekstra}, H. and {Muzzin}, A. and 
    {Sif{\'o}n}, C. and {Balogh}, M.~L. and {McGee}, S.~L.},
    title = "{Evidence for the inside-out growth of the stellar mass distribution in galaxy 
clusters since z \~{} 1}",
  journal = {\aap},
archivePrefix = "arXiv",
   eprint = {1412.2137},
 keywords = {galaxies: clusters: general, galaxies: evolution, galaxies: photometry},
     year = 2015,
    month = may,
   volume = 577,
      eid = {A19},
    pages = {A19},
      doi = {10.1051/0004-6361/201425460},
   adsurl = {http://adsabs.harvard.edu/abs/2015A%26A...577A..19V},
  adsnote = {Provided by the SAO/NASA Astrophysics Data System}
}

@ARTICLE{vdburg13,
   author = {{van der Burg}, R.~F.~J. and {Muzzin}, A. and {Hoekstra}, H. and 
    {Lidman}, C. and {Rettura}, A. and {Wilson}, G. and {Yee}, H.~K.~C. and 
    {Hildebrandt}, H. and {Marchesini}, D. and {Stefanon}, M. and 
    {Demarco}, R. and {Kuijken}, K.},
    title = "{The environmental dependence of the stellar mass function at z \~{} 1. 
Comparing cluster and field between the GCLASS and UltraVISTA surveys}",
  journal = {\aap},
archivePrefix = "arXiv",
   eprint = {1304.5525},
 keywords = {galaxies: clusters: general, galaxies: luminosity function, mass function, 
galaxies: evolution, galaxies: photometry},
     year = 2013,
    month = sep,
   volume = 557,
      eid = {A15},
    pages = {A15},
      doi = {10.1051/0004-6361/201321237},
   adsurl = {http://adsabs.harvard.edu/abs/2013A%26A...557A..15V},
  adsnote = {Provided by the SAO/NASA Astrophysics Data System}
}

@ARTICLE{vdburg16,
   author = {{van der Burg}, R.~F.~J. and {Muzzin}, A. and {Hoekstra}, H.
    },
    title = "{The abundance and spatial distribution of ultra-diffuse galaxies in 
nearby galaxy clusters}",
  journal = {\aap},
archivePrefix = "arXiv",
   eprint = {1602.00002},
 keywords = {galaxies: dwarf, galaxies: formation, galaxies: evolution, galaxies: 
clusters: general},
     year = 2016,
    month = apr,
   volume = 590,
      eid = {A20},
    pages = {A20},
      doi = {10.1051/0004-6361/201628222},
   adsurl = {http://adsabs.harvard.edu/abs/2016A%26A...590A..20V},
  adsnote = {Provided by the SAO/NASA Astrophysics Data System}
}

@ARTICLE{vandokkum16,
   author = {{van Dokkum}, P. and {Abraham}, R. and {Brodie}, J. and {Conroy}, C. 
and 
    {Danieli}, S. and {Merritt}, A. and {Mowla}, L. and {Romanowsky}, A. and 
    {Zhang}, J.},
    title = "{A High Stellar Velocity Dispersion and \~{}100 Globular Clusters for 
the Ultra Diffuse Galaxy Dragonfly 44}",
  journal = {ArXiv e-prints},
archivePrefix = "arXiv",
   eprint = {1606.06291},
 keywords = {Astrophysics - Astrophysics of Galaxies, Astrophysics - Cosmology and 
Nongalactic Astrophysics, Astrophysics - Solar and Stellar Astrophysics},
     year = 2016,
    month = jun,
   adsurl = {http://adsabs.harvard.edu/abs/2016arXiv160606291V},
  adsnote = {Provided by the SAO/NASA Astrophysics Data System}
}

@ARTICLE{vandokkum15_coma,
   author = {{van Dokkum}, P.~G. and {Abraham}, R. and {Merritt}, A. and 
    {Zhang}, J. and {Geha}, M. and {Conroy}, C.},
    title = "{Forty-seven Milky Way-sized, Extremely Diffuse Galaxies in the Coma 
Cluster}",
  journal = {\apjl},
archivePrefix = "arXiv",
   eprint = {1410.8141},
 keywords = {galaxies: clusters: individual: Coma, galaxies: evolution, galaxies: 
structure},
     year = 2015,
    month = jan,
   volume = 798,
      eid = {L45},
    pages = {L45},
      doi = {10.1088/2041-8205/798/2/L45},
   adsurl = {http://adsabs.harvard.edu/abs/2015ApJ...798L..45V},
  adsnote = {Provided by the SAO/NASA Astrophysics Data System}
}

@ARTICLE{vandokkum15_spec,
   author = {{van Dokkum}, P.~G. and {Romanowsky}, A.~J. and {Abraham}, R. and 
    {Brodie}, J.~P. and {Conroy}, C. and {Geha}, M. and {Merritt}, A. and 
    {Villaume}, A. and {Zhang}, J.},
    title = "{Spectroscopic Confirmation of the Existence of Large, Diffuse 
Galaxies in the Coma Cluster}",
  journal = {\apjl},
archivePrefix = "arXiv",
   eprint = {1504.03320},
 keywords = {galaxies: clusters: individual: Coma, galaxies: evolution, galaxies: 
structure},
     year = 2015,
    month = may,
   volume = 804,
      eid = {L26},
    pages = {L26},
      doi = {10.1088/2041-8205/804/1/L26},
   adsurl = {http://adsabs.harvard.edu/abs/2015ApJ...804L..26V},
  adsnote = {Provided by the SAO/NASA Astrophysics Data System}
}

